<?xml version="1.0" encoding="UTF-8"?><collection xmlns="http://www.loc.gov/MARC21/slim"><record><leader>00710nam--2200205-u-4500</leader><controlfield tag="001">000053060</controlfield><controlfield tag="002">20161230</controlfield><controlfield tag="005">20161230201050</controlfield><controlfield tag="008">110104s1000------------r-----000-0-eng-d</controlfield><datafield ind1=" " ind2=" " tag="020"><subfield code="a">3540000879</subfield></datafield><datafield ind1=" " ind2=" " tag="040"><subfield code="a">IFIN-HH</subfield></datafield><datafield ind1=" " ind2=" " tag="080"><subfield code="a">[538.955:538.91:538.94](004.94)(063)</subfield></datafield><datafield ind1="1" ind2=" " tag="100"><subfield code="a">Landau, D.P</subfield></datafield><datafield ind1="1" ind2="0" tag="245"><subfield code="a">Computer simulation studies in condensed-matter physics xv</subfield><subfield code="b">Proceedings of the fifteenth workshop athens, ga, usa, march 11-15, 2002</subfield><subfield code="c">D.P. LANDAU; S.P. LEWIS; H.-B. SCHUTTLER (Eds.)</subfield></datafield><datafield ind1=" " ind2=" " tag="260"><subfield code="a">HEIDELBERG</subfield><subfield code="b">Springer Verlag</subfield><subfield code="c">2003</subfield></datafield><datafield ind1=" " ind2=" " tag="300"><subfield code="a">219P</subfield></datafield><datafield ind1=" " ind2=" " tag="490"><subfield code="a">Springer Proccedings In Physics</subfield><subfield code="v">Vol. 90</subfield></datafield><datafield ind1="1" ind2=" " tag="700"><subfield code="a">Schuttler, H.-b</subfield><subfield code="e">Ed</subfield></datafield><datafield ind1=" " ind2=" " tag="852"><subfield code="a">81733</subfield><subfield code="c">538.9</subfield></datafield><datafield ind1=" " ind2=" " tag="CAT"><subfield code="a">Sys</subfield><subfield code="c">20110104</subfield><subfield code="h">112804</subfield></datafield></record></collection>